<?xml version="1.0" encoding="UTF-8"?>
<collection xmlns:xsi="http://www.w3.org/2001/XMLSchema-instance" xsi:schemaLocation="http://www.loc.gov/MARC21/slim http://www.loc.gov/standards/marcxml/schema/MARC21slim.xsd" xmlns="http://www.loc.gov/MARC21/slim">
<record>
  <leader>01207cam a2200265 a 4500</leader>
  <controlfield tag="001">2983858</controlfield>
  <controlfield tag="003">NNC</controlfield>
  <controlfield tag="005">20150920222911.0</controlfield>
  <controlfield tag="008">970616s1966    ir       b    001 0 ara d</controlfield>
  <datafield tag="035" ind1=" " ind2=" ">
    <subfield code="a">(OCoLC)20166920</subfield>
  </datafield>
  <datafield tag="035" ind1=" " ind2=" ">
    <subfield code="a">(OCoLC)ocm20166920</subfield>
  </datafield>
  <datafield tag="035" ind1=" " ind2=" ">
    <subfield code="9">ASN1045CU</subfield>
  </datafield>
  <datafield tag="035" ind1=" " ind2=" ">
    <subfield code="a">(NNC)2983858</subfield>
  </datafield>
  <datafield tag="040" ind1=" " ind2=" ">
    <subfield code="a">HLS</subfield>
    <subfield code="c">HLS</subfield>
    <subfield code="d">CUY</subfield>
    <subfield code="d">ZCU</subfield>
  </datafield>
  <datafield tag="090" ind1=" " ind2=" ">
    <subfield code="a">PJ6670</subfield>
    <subfield code="b">.J3 1966</subfield>
  </datafield>
  <datafield tag="100" ind1="1" ind2=" ">
    <subfield code="a">Jawālīqī, Mawhūb ibn Aḥmad,</subfield>
    <subfield code="d">1073 or 1074-1144.</subfield>
  </datafield>
  <datafield tag="245" ind1="1" ind2="3">
    <subfield code="a">al-Muʻarrab min al-kalām al-aʻjamī ʻalā ḥurūf al-muʻjam /</subfield>
    <subfield code="c">li-Abī Manṣūr al-Jawālīqī Mawhūb ibn Aḥmad ibn Muḥammad ibn al-Khiḍr ;taḥqīq wa-sharḥ Abī al-Ashbāl Aḥmad Muḥammad Shākir.</subfield>
  </datafield>
  <datafield tag="260" ind1=" " ind2=" ">
    <subfield code="a">Ṭihrān :</subfield>
    <subfield code="b">[s.n.],</subfield>
    <subfield code="c">1966.</subfield>
  </datafield>
  <datafield tag="300" ind1=" " ind2=" ">
    <subfield code="a">455 p. ;</subfield>
    <subfield code="c">25 cm.</subfield>
  </datafield>
  <datafield tag="504" ind1=" " ind2=" ">
    <subfield code="a">Includes bibliographical references (p. 444-455) and indexes.</subfield>
  </datafield>
  <datafield tag="501" ind1=" " ind2=" ">
    <subfield code="a">With: Kitāb Takmilat iṣlāḥ mā taghliṭu fīhi al-ʻāmmah / taʾlīf Abī Manṣūr Mawhūb ibn Aḥmad ibn Muḥammad ibn al-Khiḍr al- Jawālīqī. [Tehran : s.n., 1966]</subfield>
  </datafield>
  <datafield tag="650" ind1=" " ind2="0">
    <subfield code="a">Arabic language</subfield>
    <subfield code="x">Foreign words and phrases</subfield>
    <subfield code="v">Early works to 1800.</subfield>
  </datafield>
  <datafield tag="700" ind1="1" ind2=" ">
    <subfield code="a">Shākir, Aḥmad Muḥammad.</subfield>
  </datafield>
  <datafield tag="752" ind1=" " ind2=" ">
    <subfield code="a">Iran</subfield>
    <subfield code="d">Tehran.</subfield>
  </datafield>
  <datafield tag="955" ind1=" " ind2=" ">
    <subfield code="b">0038648253</subfield>
    <subfield code="d">glx</subfield>
    <subfield code="e">PJ6670 .J3 1966</subfield>
  </datafield>
</record>
</collection>